Account Statement for 13660337SCHW (Individual) since 5/14/26 through 5/14/26

Cash Balance
DATE,TIME,TYPE,REF #,DESCRIPTION,Misc Fees,Commissions & Fees,AMOUNT,BALANCE
5/14/26,01:00:00,BAL,,Cash balance at the start of business day 14.05 CST,,,,20.02
5/14/26,08:25:45,TRD,="1006355568471",BOT +4 MOBX @2.00,,,-8.00,12.02
5/14/26,08:29:52,TRD,="1006355568494",SOLD -4 MOBX @1.9413,,,7.77,19.79
5/14/26,08:30:09,TRD,="1006355568501",BOT +3 QUCY @1.96,,,-5.88,13.91
5/14/26,08:31:03,TRD,="1006355568510",BOT +1 QUCY @1.89,,,-1.89,12.02
5/14/26,08:31:25,TRD,="1006355568517",SOLD -1 QUCY @1.89,,,1.89,13.91
5/14/26,08:31:30,TRD,="1006355568520",SOLD -3 QUCY @1.89,,,5.67,19.58
5/14/26,08:31:44,TRD,="1006355568528",BOT +3 QUCY @1.89,,,-5.67,13.91
5/14/26,08:31:59,TRD,="1006355568535",BOT +1 QUCY @1.91,,,-1.91,12.00
5/14/26,08:34:54,TRD,="1006355568548",SOLD -4 QUCY @1.8313,,,7.33,19.33
5/14/26,08:35:11,TRD,="1006355568555",SOLD -2 KIDZ @.5144,,,1.03,20.36
5/14/26,08:35:30,TRD,="1006355568562",BOT +4 QUCY @1.82,,,-7.28,13.08
5/14/26,08:54:16,TRD,="1006355568798",SOLD -8 KIDZ @.5113,,,4.09,17.17
5/14/26,08:54:33,TRD,="1006355568806",BOT +2 MOBX @2.44,,,-4.88,12.29
5/14/26,08:55:02,TRD,="1006355568818",SOLD -1 QUCY @1.8513,,,1.85,14.14
5/14/26,09:10:03,TRD,="1006355569084",SOLD -3 QUCY @1.8001,,,5.40,19.54
5/14/26,09:10:15,TRD,="1006355569085",BOT +3 QUCY @1.79,,,-5.37,14.17
5/14/26,09:15:55,TRD,="1006355569167",SOLD -1 QUCY @1.7919,,,1.79,15.96
5/14/26,09:16:13,TRD,="1006355569172",BOT +1 MOBX @2.96,,,-2.96,13.00
5/14/26,09:19:51,TRD,="1006355569203",SOLD -3 MOBX @2.9135,,,8.74,21.74
5/14/26,09:25:55,TRD,="1006355569339",BOT +1 MOBX @3.1998,,,-3.20,18.54
5/14/26,09:26:33,TRD,="1006355569349",SOLD -1 MOBX @3.1413,,,3.14,21.68
5/14/26,09:26:46,TRD,="1006355569352",BOT +1 MOBX @3.14,,,-3.14,18.54
5/14/26,09:27:10,TRD,="1006355569355",SOLD -1 MOBX @3.09,,,3.09,21.63
5/14/26,09:27:12,TRD,="1006355569356",BOT +1 MOBX @3.08,,,-3.08,18.55
5/14/26,09:27:53,TRD,="1006355569369",SOLD -1 MOBX @3.0513,,,3.05,21.60
5/14/26,09:28:01,TRD,="1006355569372",BOT +1 MOBX @3.06,,,-3.06,18.54
5/14/26,09:28:16,TRD,="1006355569376",SOLD -1 MOBX @2.94,,,2.94,21.48
5/14/26,09:28:18,TRD,="1006355569377",BOT +1 MOBX @2.94,,,-2.94,18.54
5/14/26,09:28:37,TRD,="1006355569385",BOT +1 MOBX @2.97,,,-2.97,15.57
5/14/26,09:28:57,TRD,="1006355569391",BOT +1 MOBX @2.97,,,-2.97,12.60
5/14/26,09:33:09,TRD,="1006356418087",SOLD -3 MOBX @2.865,,,8.60,21.20
5/14/26,09:33:14,TRD,="1006356418108",BOT +3 MOBX @2.865,,,-8.60,12.60
5/14/26,09:35:20,TRD,="1006356418514",SOLD -2 QUCY @1.775,,,3.55,16.15
5/14/26,09:35:27,TRD,="1006356418550",BOT +1 QUCY @1.80,,,-1.80,14.35
5/14/26,09:42:10,TRD,="1006356419849",SOLD -1 QUCY @1.6901,,,1.69,16.04
5/14/26,09:42:22,TRD,="1006356419906",BOT +1 MOBX @3.90,,,-3.90,12.14
5/14/26,09:42:24,TRD,="1006356419915",SOLD -1 MOBX @3.9528,,,3.95,16.09
5/14/26,09:42:44,TRD,="1006356419969",SOLD -3 MOBX @3.785,,,11.36,27.45
5/14/26,09:43:01,TRD,="1006357110052",BOT +3 MOBX @3.99,,,-11.97,15.48
5/14/26,09:43:11,TRD,="1006357110081",SOLD -3 MOBX @3.95,,,11.85,27.33
5/14/26,09:43:16,TRD,="1006357110090",BOT +3 MOBX @3.985,,,-11.96,15.37
5/14/26,09:43:30,TRD,="1006357110124",SOLD -3 MOBX @3.835,,,11.51,26.88
5/14/26,09:43:40,TRD,="1006357110143",BOT +3 MOBX @3.90,,,-11.70,15.18
5/14/26,09:43:55,TRD,="1006357110183",SOLD -3 MOBX @3.85,,,11.55,26.73
,,,,TOTAL,,,$6.71,$26.73

Futures Statements
Trade Date,Exec Date,Exec Time,Type,Ref #,Description,Misc Fees,Commissions & Fees,Amount,Balance
5/14/26,5/14/26,01:00:00,BAL,--,Futures cash balance at the start of business day 14.05 CST,--,--,--,0.00

Forex Statements
,Date,Time,Type,Ref #,Description,Commissions & Fees,Amount,Amount(USD),Balance

"Crypto # (Crypto offered by Charles Schwab Premier Bank, SSB) Statements"
Trade Date,Exec Date,Exec Time,Type,Ref #,Description,Commissions & Fees,Amount,Balance

 
Total Cash $26.73


Account Order History
Notes,Time Placed,Spread,Side,Qty,Symbol,PRICE,,Status
,5/14/26 08:25:31,STOCK,BUY,+4,MOBX,1.98,LMT,CANCELED
,5/14/26 08:25:37,STOCK,BUY,+4,MOBX,1.99,LMT,CANCELED
,5/14/26 08:25:41,STOCK,BUY,+4,MOBX,2.01,LMT,REJECTED: This security is not day trade eligible and requires cleared funds to purchase.
,5/14/26 08:25:42,STOCK,BUY,+4,MOBX,2.03,LMT,REJECTED: This security is not day trade eligible and requires cleared funds to purchase.
,5/14/26 08:25:45,STOCK,BUY,+4,MOBX,2.00,LMT,FILLED
,5/14/26 08:25:47,STOCK,BUY,+4,MOBX,1.99,LMT,REJECTED: This security is not day trade eligible and requires cleared funds to purchase.
,5/14/26 08:29:45,STOCK,SELL,-10,MOBX,1.97,LMT,REJECTED: This order may result in an oversold/overbought position in your account.  Please check your position quantity and/or open orders.
,5/14/26 08:29:52,STOCK,SELL,-4,MOBX,1.94,LMT,FILLED
,5/14/26 08:30:01,STOCK,BUY,+4,QUCY,1.96,LMT,REJECTED: This security is not day trade eligible and requires cleared funds to purchase.
,5/14/26 08:30:03,STOCK,BUY,+4,QUCY,1.96,LMT,REJECTED: This security is not day trade eligible and requires cleared funds to purchase.
,5/14/26 08:30:04,STOCK,BUY,+4,QUCY,1.97,LMT,REJECTED: This security is not day trade eligible and requires cleared funds to purchase.
,5/14/26 08:30:09,STOCK,BUY,+3,QUCY,1.96,LMT,FILLED
,5/14/26 08:31:02,STOCK,BUY,+1,QUCY,1.89,LMT,FILLED
,5/14/26 08:31:25,STOCK,SELL,-1,QUCY,1.88,LMT,FILLED
,5/14/26 08:31:30,STOCK,SELL,-3,QUCY,1.89,LMT,FILLED
,5/14/26 08:31:32,STOCK,BUY,+4,QUCY,1.89,LMT,CANCELED
,5/14/26 08:31:37,STOCK,BUY,+4,QUCY,1.90,LMT,REJECTED: This security is not day trade eligible and requires cleared funds to purchase.
,5/14/26 08:31:40,STOCK,BUY,+4,QUCY,1.90,LMT,REJECTED: This security is not day trade eligible and requires cleared funds to purchase.
,5/14/26 08:31:44,STOCK,BUY,+3,QUCY,1.89,LMT,FILLED
,5/14/26 08:31:58,STOCK,BUY,+1,QUCY,1.91,LMT,FILLED
,5/14/26 08:34:52,STOCK,BUY,+4,QUCY,1.81,LMT,REJECTED: This security is not day trade eligible and requires cleared funds to purchase.
,5/14/26 08:34:54,STOCK,SELL,-4,QUCY,1.83,LMT,FILLED
,5/14/26 08:34:55,STOCK,BUY,+4,QUCY,1.83,LMT,CANCELED
,5/14/26 08:34:59,STOCK,BUY,+4,QUCY,1.84,LMT,REJECTED: This security is not day trade eligible and requires cleared funds to purchase.
,5/14/26 08:35:01,STOCK,BUY,+4,QUCY,1.85,LMT,REJECTED: This security is not day trade eligible and requires cleared funds to purchase.
,5/14/26 08:35:11,STOCK,SELL,-2,KIDZ,.5103,LMT,FILLED
,5/14/26 08:35:18,STOCK,BUY,+5,QUCY,1.83,LMT,REJECTED: This security is not day trade eligible and requires cleared funds to purchase.
,5/14/26 08:35:20,STOCK,BUY,+5,QUCY,1.83,LMT,REJECTED: This security is not day trade eligible and requires cleared funds to purchase.
,5/14/26 08:35:26,STOCK,BUY,+4,QUCY,1.82,LMT,FILLED
,5/14/26 08:35:31,STOCK,BUY,+4,QUCY,1.82,LMT,REJECTED: This security is not day trade eligible and requires cleared funds to purchase.
,5/14/26 08:54:15,STOCK,SELL,-8,KIDZ,.5112,LMT,FILLED
,5/14/26 08:54:33,STOCK,BUY,+2,MOBX,2.44,LMT,FILLED
,5/14/26 08:55:01,STOCK,SELL,-1,QUCY,1.85,LMT,FILLED
,5/14/26 08:55:08,STOCK,BUY,+1,MOBX,2.57,LMT,REJECTED: This security is not day trade eligible and requires cleared funds to purchase.
,5/14/26 09:10:03,STOCK,SELL,-3,QUCY,1.80,LMT,FILLED
,5/14/26 09:10:15,STOCK,BUY,+3,QUCY,1.79,LMT,FILLED
,5/14/26 09:15:55,STOCK,SELL,-1,QUCY,1.79,LMT,FILLED
,5/14/26 09:16:12,STOCK,BUY,+1,MOBX,2.96,LMT,FILLED
,5/14/26 09:19:51,STOCK,SELL,-3,MOBX,2.91,LMT,FILLED
,5/14/26 09:25:53,STOCK,SELL,-1,MOBX,3.20,LMT,REJECTED: This security is currently hard to borrow.  Good until canceled short sale orders are not accepted for hard to borrow securities.
,5/14/26 09:25:55,STOCK,BUY,+1,MOBX,3.20,LMT,FILLED
,5/14/26 09:26:33,STOCK,SELL,-1,MOBX,3.14,LMT,FILLED
,5/14/26 09:26:34,STOCK,BUY,+1,MOBX,3.14,LMT,CANCELED
,5/14/26 09:26:37,STOCK,BUY,+1,MOBX,3.14,LMT,FILLED
,5/14/26 09:27:09,STOCK,SELL,-1,MOBX,3.08,LMT,FILLED
,5/14/26 09:27:11,STOCK,BUY,+1,MOBX,3.08,LMT,FILLED
,5/14/26 09:27:53,STOCK,SELL,-1,MOBX,3.05,LMT,FILLED
,5/14/26 09:28:00,STOCK,BUY,+1,MOBX,3.06,LMT,FILLED
,5/14/26 09:28:16,STOCK,SELL,-1,MOBX,2.92,LMT,FILLED
,5/14/26 09:28:17,STOCK,BUY,+1,MOBX,2.94,LMT,FILLED
,5/14/26 09:28:34,STOCK,BUY,+1,MOBX,2.97,LMT,FILLED
,5/14/26 09:28:43,STOCK,BUY,+1,MOBX,2.97,LMT,CANCELED
,5/14/26 09:28:48,STOCK,BUY,+1,MOBX,2.97,LMT,FILLED
,5/14/26 09:33:09,STOCK,SELL,-1,MOBX,~,MKT,TRIGGERED
,5/14/26 09:33:09,STOCK,SELL,-3,MOBX,~,MKT,FILLED
,5/14/26 09:33:14,STOCK,BUY,+3,MOBX,2.89,LMT,FILLED
,5/14/26 09:35:20,STOCK,SELL,-1,QUCY,~,MKT,TRIGGERED
,5/14/26 09:35:20,STOCK,SELL,-2,QUCY,~,MKT,FILLED
,5/14/26 09:35:26,STOCK,BUY,+1,QUCY,1.80,LMT,FILLED
,5/14/26 09:42:09,STOCK,SELL,-1,QUCY,~,MKT,TRIGGERED
,5/14/26 09:42:09,STOCK,SELL,-1,QUCY,~,MKT,FILLED
,5/14/26 09:42:21,STOCK,BUY,+1,MOBX,3.90,LMT,FILLED
,5/14/26 09:42:24,STOCK,SELL,-1,MOBX,3.90,LMT,FILLED
,5/14/26 09:42:43,STOCK,SELL,-1,MOBX,~,MKT,TRIGGERED
,5/14/26 09:42:43,STOCK,SELL,-3,MOBX,~,MKT,FILLED
,5/14/26 09:43:01,STOCK,BUY,+3,MOBX,3.99,LMT,FILLED
,5/14/26 09:43:11,STOCK,SELL,-3,MOBX,3.95,LMT,FILLED
,5/14/26 09:43:16,STOCK,BUY,+3,MOBX,3.99,LMT,FILLED
,5/14/26 09:43:28,STOCK,SELL,-3,MOBX,3.88,LMT,CANCELED
,5/14/26 09:43:29,STOCK,SELL,-1,MOBX,~,MKT,TRIGGERED
,5/14/26 09:43:29,STOCK,SELL,-3,MOBX,~,MKT,FILLED
,5/14/26 09:43:36,STOCK,BUY,+3,MOBX,3.90,LMT,FILLED
,5/14/26 09:43:55,STOCK,SELL,-3,MOBX,3.85,LMT,FILLED

Account Trade History
,Exec Time,Spread,Side,Qty,Pos Effect,Symbol,Exp,Strike,Type,Price,Net Price,Order Type
,5/14/26 08:25:45,STOCK,BUY,+4,TO OPEN,MOBX,,,STOCK,2.00,2.00,LMT
,5/14/26 08:29:52,STOCK,SELL,-4,TO CLOSE,MOBX,,,STOCK,1.9413,1.9413,LMT
,5/14/26 08:30:09,STOCK,BUY,+3,TO OPEN,QUCY,,,STOCK,1.96,1.96,LMT
,5/14/26 08:31:03,STOCK,BUY,+1,TO OPEN,QUCY,,,STOCK,1.89,1.89,LMT
,5/14/26 08:31:25,STOCK,SELL,-1,TO CLOSE,QUCY,,,STOCK,1.89,1.89,LMT
,5/14/26 08:31:30,STOCK,SELL,-3,TO CLOSE,QUCY,,,STOCK,1.89,1.89,LMT
,5/14/26 08:31:44,STOCK,BUY,+3,TO OPEN,QUCY,,,STOCK,1.89,1.89,LMT
,5/14/26 08:31:59,STOCK,BUY,+1,TO OPEN,QUCY,,,STOCK,1.91,1.91,LMT
,5/14/26 08:34:54,STOCK,SELL,-4,TO CLOSE,QUCY,,,STOCK,1.8313,1.8313,LMT
,5/14/26 08:35:11,STOCK,SELL,-2,TO CLOSE,KIDZ,,,STOCK,.5144,.5144,LMT
,5/14/26 08:35:30,STOCK,BUY,+4,TO OPEN,QUCY,,,STOCK,1.82,1.82,LMT
,5/14/26 08:54:16,STOCK,SELL,-8,TO CLOSE,KIDZ,,,STOCK,.5113,.5113,LMT
,5/14/26 08:54:33,STOCK,BUY,+2,TO OPEN,MOBX,,,STOCK,2.44,2.44,LMT
,5/14/26 08:55:02,STOCK,SELL,-1,TO CLOSE,QUCY,,,STOCK,1.8513,1.8513,LMT
,5/14/26 09:10:03,STOCK,SELL,-3,TO CLOSE,QUCY,,,STOCK,1.8001,1.8001,LMT
,5/14/26 09:10:15,STOCK,BUY,+3,TO OPEN,QUCY,,,STOCK,1.79,1.79,LMT
,5/14/26 09:15:55,STOCK,SELL,-1,TO CLOSE,QUCY,,,STOCK,1.7919,1.7919,LMT
,5/14/26 09:16:13,STOCK,BUY,+1,TO OPEN,MOBX,,,STOCK,2.96,2.96,LMT
,5/14/26 09:19:51,STOCK,SELL,-3,TO CLOSE,MOBX,,,STOCK,2.9135,2.9135,LMT
,5/14/26 09:25:55,STOCK,BUY,+1,TO OPEN,MOBX,,,STOCK,3.1998,3.1998,LMT
,5/14/26 09:26:33,STOCK,SELL,-1,TO CLOSE,MOBX,,,STOCK,3.1413,3.1413,LMT
,5/14/26 09:26:46,STOCK,BUY,+1,TO OPEN,MOBX,,,STOCK,3.14,3.14,LMT
,5/14/26 09:27:10,STOCK,SELL,-1,TO CLOSE,MOBX,,,STOCK,3.09,3.09,LMT
,5/14/26 09:27:12,STOCK,BUY,+1,TO OPEN,MOBX,,,STOCK,3.08,3.08,LMT
,5/14/26 09:27:53,STOCK,SELL,-1,TO CLOSE,MOBX,,,STOCK,3.0513,3.0513,LMT
,5/14/26 09:28:01,STOCK,BUY,+1,TO OPEN,MOBX,,,STOCK,3.06,3.06,LMT
,5/14/26 09:28:16,STOCK,SELL,-1,TO CLOSE,MOBX,,,STOCK,2.94,2.94,LMT
,5/14/26 09:28:18,STOCK,BUY,+1,TO OPEN,MOBX,,,STOCK,2.94,2.94,LMT
,5/14/26 09:28:37,STOCK,BUY,+1,TO OPEN,MOBX,,,STOCK,2.97,2.97,LMT
,5/14/26 09:28:57,STOCK,BUY,+1,TO OPEN,MOBX,,,STOCK,2.97,2.97,LMT
,5/14/26 09:33:09,STOCK,SELL,-3,TO CLOSE,MOBX,,,STOCK,2.865,2.865,MKT
,5/14/26 09:33:14,STOCK,BUY,+3,TO OPEN,MOBX,,,STOCK,2.865,2.865,LMT
,5/14/26 09:35:20,STOCK,SELL,-2,TO CLOSE,QUCY,,,STOCK,1.775,1.775,MKT
,5/14/26 09:35:27,STOCK,BUY,+1,TO OPEN,QUCY,,,STOCK,1.80,1.80,LMT
,5/14/26 09:42:10,STOCK,SELL,-1,TO CLOSE,QUCY,,,STOCK,1.6901,1.6901,MKT
,5/14/26 09:42:22,STOCK,BUY,+1,TO OPEN,MOBX,,,STOCK,3.90,3.90,LMT
,5/14/26 09:42:24,STOCK,SELL,-1,TO CLOSE,MOBX,,,STOCK,3.9528,3.9528,LMT
,5/14/26 09:42:44,STOCK,SELL,-3,TO CLOSE,MOBX,,,STOCK,3.785,3.785,MKT
,5/14/26 09:43:01,STOCK,BUY,+3,TO OPEN,MOBX,,,STOCK,3.99,3.99,LMT
,5/14/26 09:43:11,STOCK,SELL,-3,TO CLOSE,MOBX,,,STOCK,3.95,3.95,LMT
,5/14/26 09:43:16,STOCK,BUY,+3,TO OPEN,MOBX,,,STOCK,3.985,3.985,LMT
,5/14/26 09:43:30,STOCK,SELL,-3,TO CLOSE,MOBX,,,STOCK,3.835,3.835,MKT
,5/14/26 09:43:40,STOCK,BUY,+3,TO OPEN,MOBX,,,STOCK,3.90,3.90,LMT
,5/14/26 09:43:55,STOCK,SELL,-3,TO CLOSE,MOBX,,,STOCK,3.85,3.85,LMT

Profits and Losses
Symbol,Description,P/L Open,P/L %,P/L Day,Margin Req,P/L Diff,P/L YTD,Mark Value
="182744102",CLASSOVER HLDGS INC B,$0.00,0.00%,$0.00,$0.00,$0.00,$2.13,$0.00
44984F807,INVO FERTILITY INC,$0.00,0.00%,$0.00,$0.00,$0.00,$4.84,$0.00
73017P409,PMGC HLDGS INC,$0.00,0.00%,$0.00,$0.00,$0.00,($2.82),$0.00
82670R305,SIGNING DAY SPORTS I,$0.00,0.00%,$0.00,$0.00,$0.00,($5.15),$0.00
ACXP,ACURX PHARMACEUTICAL,$0.00,0.00%,$0.00,$0.00,$0.00,$1.46,$0.00
AERT,AERIES TECHNOLOGY IN A,$0.00,0.00%,$0.00,$0.00,$0.00,($0.27),$0.00
AGRZ,AGROZ INC.,$0.00,0.00%,$0.00,$0.00,$0.00,($1.73),$0.00
AIM,AIM IMMUNOTECH INC,$0.00,0.00%,$0.00,$0.00,$0.00,($0.04),$0.00
AIXI,XIAO-I CORP ADR,$0.00,0.00%,$0.00,$0.00,$0.00,($0.34),$0.00
ALP,ALPHA COMPUTE CORP,$0.00,0.00%,$0.00,$0.00,$0.00,($3.52),$0.00
APRE,APREA THERAPEUTICS I,$0.00,0.00%,$0.00,$0.00,$0.00,($1.93),$0.00
ARAI,ARRIVE AI INC,$0.00,0.00%,$0.00,$0.00,$0.00,$0.08,$0.00
ARTL,ARTELO BIOSCIENCES I,$0.00,0.00%,$0.00,$0.00,$0.00,($1.83),$0.00
ASBP,ASPIRE BIOPHARMA HLD,$0.00,0.00%,$0.00,$0.00,$0.00,($0.68),$0.00
ATRA,ATARA BIOTHERAPEUTIC,$0.00,0.00%,$0.00,$0.00,$0.00,$0.66,$0.00
ATXG,ADDENTAX GROUP CORP,$0.00,0.00%,$0.00,$0.00,$0.00,($0.88),$0.00
AZI,AUTOZI INTERNET TECH A,$0.00,0.00%,$0.00,$0.00,$0.00,$0.19,$0.00
BANL,CBL INTL LTD B,$0.00,0.00%,$0.00,$0.00,$0.00,($0.22),$0.00
BATL,BATTALION OIL CORP,$0.00,0.00%,$0.00,$0.00,$0.00,$0.62,$0.00
BFRG,BULLFROG AI HLDGS IN,$0.00,0.00%,$0.00,$0.00,$0.00,($1.40),$0.00
BFRI,BIOFRONTERA INC,$0.00,0.00%,$0.00,$0.00,$0.00,($0.71),$0.00
BIRD,ALLBIRDS INC A,$0.00,0.00%,$0.00,$0.00,$0.00,$8.40,$0.00
BRTX,BIORESTORATIVE THERA,$0.00,0.00%,$0.00,$0.00,$0.00,($1.96),$0.00
BTBD,BT BRANDS INC,$0.00,0.00%,$0.00,$0.00,$0.00,($2.13),$0.00
BYAH,PARK HA BIOLOGICAL T A,$0.00,0.00%,$0.00,$0.00,$0.00,($2.93),$0.00
BZFD,BUZZFEED INC A,$0.00,0.00%,$0.00,$0.00,$0.00,$0.02,$0.00
CANF,CAN-FITE BIOPHARMA L ADR,$0.00,0.00%,$0.00,$0.00,$0.00,$1.04,$0.00
CETX,CEMTREX INC,$0.00,0.00%,$0.00,$0.00,$0.00,$4.95,$0.00
CIIT,TIANCI INTL INC,$0.00,0.00%,$0.00,$0.00,$0.00,($0.01),$0.00
CISS,C3IS INC,$0.00,0.00%,$0.00,$0.00,$0.00,($2.99),$0.00
CJMB,CALLAN JMB INC,$0.00,0.00%,$0.00,$0.00,$0.00,$18.99,$0.00
CLIK,CLICK HLDGS LTD A,$0.00,0.00%,$0.00,$0.00,$0.00,($0.80),$0.00
CMND,CLEARMIND MEDICINE I,$0.00,0.00%,$0.00,$0.00,$0.00,($2.78),$0.00
CNEY,CN ENERGY GROUP. INC A,$0.00,0.00%,$0.00,$0.00,$0.00,($2.07),$0.00
CNSP,CNS PHARMACEUTICALS,$0.00,0.00%,$0.00,$0.00,$0.00,$4.16,$0.00
CREG,SMART PWR CORP,$0.00,0.00%,$0.00,$0.00,$0.00,($0.20),$0.00
CYCN,CYCLERION THERAPEUTI,$0.00,0.00%,$0.00,$0.00,$0.00,$6.55,$0.00
CYCU,CYCURION INC,$0.00,0.00%,$0.00,$0.00,$0.00,($6.71),$0.00
CYN,CYNGN INC,$0.00,0.00%,$0.00,$0.00,$0.00,($2.25),$0.00
DCOY,DECOY THERAPEUTICS I,$0.00,0.00%,$0.00,$0.00,$0.00,($0.64),$0.00
DCX,DIGITAL CURRENCY X T A,$0.00,0.00%,$0.00,$0.00,$0.00,$1.65,$0.00
DEVS,DEVVSTREAM CORP,$0.00,0.00%,$0.00,$0.00,$0.00,($5.32),$0.00
DKI,DARKIRIS INC. A,$0.00,0.00%,$0.00,$0.00,$0.00,$0.13,$0.00
DXST,DECENT HLDG INC A,$0.00,0.00%,$0.00,$0.00,$0.00,($0.74),$0.00
ECDA,ECD AUTOMOTIVE DESIG,$0.00,0.00%,$0.00,$0.00,$0.00,$0.05,$0.00
EDBL,EDIBLE GARDEN AG INC,$0.00,0.00%,$0.00,$0.00,$0.00,($1.14),$0.00
EEIQ,EPICQUEST EDUCATION,$0.00,0.00%,$0.00,$0.00,$0.00,($6.43),$0.00
ELAB,PMGC HLDGS INC,$0.00,0.00%,$0.00,$0.00,$0.00,($0.98),$0.00
ENTX,ENTERA BIO LTD,$0.00,0.00%,$0.00,$0.00,$0.00,$0.09,$0.00
EVGN,EVOGENE LTD,$0.00,0.00%,$0.00,$0.00,$0.00,($2.47),$0.00
EVTV,ENVIROTECH VEHS INC,$0.00,0.00%,$0.00,$0.00,$0.00,$15.36,$0.00
EZRA,RELIANCE GLOBAL GROU,$0.00,0.00%,$0.00,$0.00,$0.00,$4.72,$0.00
FATN,FATPIPE INC UT,$0.00,0.00%,$0.00,$0.00,$0.00,($2.77),$0.00
FBLG,FIBROBIOLOGICS INC,$0.00,0.00%,$0.00,$0.00,$0.00,($2.96),$0.00
FUSE,FUSEMACHINES INC,$0.00,0.00%,$0.00,$0.00,$0.00,$7.93,$0.00
G7200G118,POWELL MAX LTD A,$0.00,0.00%,$0.00,$0.00,$0.00,($0.92),$0.00
GCTK,GLUCOTRACK INC,$0.00,0.00%,$0.00,$0.00,$0.00,($16.79),$0.00
GLE,GLOBAL ENGINE GROUP A,$0.00,0.00%,$0.00,$0.00,$0.00,$1.79,$0.00
GLMD,GALMED PHARMACEUTICA,$0.00,0.00%,$0.00,$0.00,$0.00,$2.93,$0.00
GNPX,GENPREX INC,$0.00,0.00%,$0.00,$0.00,$0.00,$0.01,$0.00
GTE,GRAN TIERRA ENERGY I,$0.00,0.00%,$0.00,$0.00,$0.00,($0.53),$0.00
GWH,ESS TECH INC EQUITY Equity,$0.00,0.00%,$0.00,$0.00,$0.00,($1.52),$0.00
GXAI,GAXOS.AI INC,$0.00,0.00%,$0.00,$0.00,$0.00,$5.61,$0.00
HBIO,HARVARD BIOSCIENCE I,$0.00,0.00%,$0.00,$0.00,$0.00,($0.41),$0.00
HCTI,HEALTHCARE TRIANGLE,$0.00,0.00%,$0.00,$0.00,$0.00,($3.05),$0.00
HCWB,HCW BIOLOGICS INC,$0.00,0.00%,$0.00,$0.00,$0.00,($3.66),$0.00
HIND,VYOME HLDGS INC,$0.00,0.00%,$0.00,$0.00,$0.00,($0.13),$0.00
HKIT,HITEK GLOBAL INC Class A,$0.00,0.00%,$0.00,$0.00,$0.00,($0.33),$0.00
HOTH,HOTH THERAPEUTICS IN,$0.00,0.00%,$0.00,$0.00,$0.00,($2.45),$0.00
HUBC,HUB CYBER SEC LTD,$0.00,0.00%,$0.00,$0.00,$0.00,$0.08,$0.00
IINN,INSPIRA TECHNOLOGIES,$0.00,0.00%,$0.00,$0.00,$0.00,($1.80),$0.00
IPST,IP STRATEGY HLDGS IN,$0.00,0.00%,$0.00,$0.00,$0.00,$0.91,$0.00
ISPC,ISPECIMEN INC,$0.00,0.00%,$0.00,$0.00,$0.00,($2.28),$0.00
ITOC,ITONIC HLDGS LTD A,$0.00,0.00%,$0.00,$0.00,$0.00,($0.35),$0.00
IVPR,INSPIRE VETERINARY P A,$0.00,0.00%,$0.00,$0.00,$0.00,$2.41,$0.00
JAGX,JAGUAR HEALTH INC,$0.00,0.00%,$0.00,$0.00,$0.00,($0.01),$0.00
JTAI,JET AI INC,$0.00,0.00%,$0.00,$0.00,$0.00,($3.19),$0.00
KALA,KALA BIO INC,$0.00,0.00%,$0.00,$0.00,$0.00,($1.04),$0.00
KBSX,FST CORP.,$0.00,0.00%,$0.00,$0.00,$0.00,($0.83),$0.00
KIDZ,CLASSOVER HLDGS INC B,$0.00,0.00%,($0.20),$0.00,$0.00,($5.93),$0.00
KITT,NAUTICUS ROBOTICS IN,$0.00,0.00%,$0.00,$0.00,$0.00,($0.93),$0.00
KUST,KUSTOM ENTMT INC,$0.00,0.00%,$0.00,$0.00,$0.00,$3.91,$0.00
KWM,K WAVE MEDIA LTD,$0.00,0.00%,$0.00,$0.00,$0.00,($2.02),$0.00
LDDFF,LIBERTY DEFENSE HLDG,$0.00,0.00%,$0.00,$0.00,$0.00,($1.53),$0.00
LIMN,LIMINATUS PHARMA INC A,$0.00,0.00%,$0.00,$0.00,$0.00,($1.18),$0.00
LNKS,LINKERS INDS LTD A,$0.00,0.00%,$0.00,$0.00,$0.00,$0.75,$0.00
LOBO,LOBO TECHNOLOGIES LT A,$0.00,0.00%,$0.00,$0.00,$0.00,$2.97,$0.00
LRHC,LA ROSA HLDGS CORP,$0.00,0.00%,$0.00,$0.00,$0.00,($4.61),$0.00
MDCX,MEDICUS PHARMA LTD,$0.00,0.00%,$0.00,$0.00,$0.00,$1.34,$0.00
MEHA,FUNCTIONAL BRANDS IN,$0.00,0.00%,$0.00,$0.00,$0.00,($1.44),$0.00
MOBX,MOBIX LABS INC A,$0.00,0.00%,$2.22,$0.00,$0.00,$2.22,$0.00
MODD,MODULAR MED INC,$0.00,0.00%,$0.00,$0.00,$0.00,($4.35),$0.00
MWG,MULTI WAYS HLDGS LTD,$0.00,0.00%,$0.00,$0.00,$0.00,($5.33),$0.00
MWYN,MARWYNN HLDGS INC,$0.00,0.00%,$0.00,$0.00,$0.00,($3.47),$0.00
MYSE,MYSEUM AI INC,$0.00,0.00%,$0.00,$0.00,$0.00,$0.29,$0.00
NAMI,JINXIN TECHNOLOGY HL ADR,$0.00,0.00%,$0.00,$0.00,$0.00,($1.17),$0.00
NCI,NEO-CONCEPT INTL GRP A,$0.00,0.00%,$0.00,$0.00,$0.00,($1.10),$0.00
NCPL,NETCAPITAL INC EQUIT Equity,$0.00,0.00%,$0.00,$0.00,$0.00,($1.42),$0.00
NINEQ,NINE ENERGY SVC INC,$0.00,0.00%,$0.00,$0.00,$0.00,$1.54,$0.00
NIXX,NIXXY INC EQUITY Equity,$0.00,0.00%,$0.00,$0.00,$0.00,$1.86,$0.00
NOTE,FISCALNOTE HLDGS INC A,$0.00,0.00%,$0.00,$0.00,$0.00,($5.14),$0.00
NSRX,NASUS PHARMA LTD,$0.00,0.00%,$0.00,$0.00,$0.00,($2.51),$0.00
NVNI,NVNI GROUP LTD,$0.00,0.00%,$0.00,$0.00,$0.00,($1.54),$0.00
OCG,ORIENTAL CULTURE HLD,$0.00,0.00%,$0.00,$0.00,$0.00,($2.65),$0.00
ONCO,ONCONETIX INC,$0.00,0.00%,$0.00,$0.00,$0.00,($11.41),$0.00
ONFO,ONFOLIO HLDGS INC,$0.00,0.00%,$0.00,$0.00,$0.00,$0.03,$0.00
ORBS,EIGHTCO HLDGS INC EQ,$0.00,0.00%,$0.00,$0.00,$0.00,($1.36),$0.00
ORKT,ORANGEKLOUD TECHNOLO A,$0.00,0.00%,$0.00,$0.00,$0.00,$1.21,$0.00
OSRH,OSR HLDGS INC,$0.00,0.00%,$0.00,$0.00,$0.00,($2.35),$0.00
PAPL,PINEAPPLE FINL INC,$0.00,0.00%,$0.00,$0.00,$0.00,($3.45),$0.00
PAVM,PAVMED INC,$0.00,0.00%,$0.00,$0.00,$0.00,($0.72),$0.00
PDYN,PALLADYNE AI CORP,$0.00,0.00%,$0.00,$0.00,$0.00,($20.89),$0.00
PFSA,PROFUSA INC,$0.00,0.00%,$0.00,$0.00,$0.00,($0.03),$0.00
PHIO,PHIO PHARMACEUTICALS Equity,$0.00,0.00%,$0.00,$0.00,$0.00,$0.26,$0.00
PMEC,PRIMECH HLDGS LTD,$0.00,0.00%,$0.00,$0.00,$0.00,($3.18),$0.00
PPCB,PROPANC BIOPHARMA IN,$0.00,0.00%,$0.00,$0.00,$0.00,($3.19),$0.00
PRZO,PARAZERO TECHNOLOGIE,$0.00,0.00%,$0.00,$0.00,$0.00,($7.04),$0.00
PSQH,PSQ HLDGS INC A,$0.00,0.00%,$0.00,$0.00,$0.00,($20.79),$0.00
QNCX,QUINCE THERAPEUTICS,$0.00,0.00%,$0.00,$0.00,$0.00,($13.28),$0.00
QUCY,Quantum Cyber N.V,$0.00,0.00%,($0.63),$0.00,$0.00,($0.63),$0.00
RAYA,ERAYAK PWR SOLUTION A,$0.00,0.00%,$0.00,$0.00,$0.00,($1.74),$0.00
RBNE,ROBIN ENERGY LTD,$0.00,0.00%,$0.00,$0.00,$0.00,$5.06,$0.00
RENX,RENX ENTERPRISES COR,$0.00,0.00%,$0.00,$0.00,$0.00,($15.87),$0.00
REVB,REVELATION BIOSCIENC,$0.00,0.00%,$0.00,$0.00,$0.00,($0.30),$0.00
RIME,ALGORHYTHM HLDGS INC,$0.00,0.00%,$0.00,$0.00,$0.00,($10.88),$0.00
RMSG,REAL MESSENGER CORP,$0.00,0.00%,$0.00,$0.00,$0.00,($2.35),$0.00
ROLR,HIGH ROLLER TECHNOLO,$0.00,0.00%,$0.00,$0.00,$0.00,$12.21,$0.00
SDOT,SADOT GROUP INC,$0.00,0.00%,$0.00,$0.00,$0.00,($1.77),$0.00
SDST,STARDUST PWR INC,$0.00,0.00%,$0.00,$0.00,$0.00,($6.37),$0.00
SIDU,SIDUS SPACE INC A,$0.00,0.00%,$0.00,$0.00,$0.00,($0.05),$0.00
SKYQ,SKY QUARRY INC,$0.00,0.00%,$0.00,$0.00,$0.00,($2.51),$0.00
SNBR,SLEEP NUMBER CORP,$0.00,0.00%,$0.00,$0.00,$0.00,($0.45),$0.00
SOAR,VOLATO GROUP INC A,$0.00,0.00%,$0.00,$0.00,$0.00,($0.31),$0.00
SOBR,SOBR SAFE INC,$0.00,0.00%,$0.00,$0.00,$0.00,$0.10,$0.00
SPCE,VIRGIN GALACTIC HLDG Class A,$0.00,0.00%,$0.00,$0.00,$0.00,$0.03,$0.00
SRXH,SRX HEALTH SOLUTIONS,$0.00,0.00%,$0.00,$0.00,$0.00,$0.23,$0.00
STAK,STAK INC A,$0.00,0.00%,$0.00,$0.00,$0.00,$5.80,$0.00
SXTP,60 DEGREES PHARMACEU,$0.00,0.00%,$0.00,$0.00,$0.00,($4.44),$0.00
TELO,TELOMIR PHARMACEUTIC,$0.00,0.00%,$0.00,$0.00,$0.00,($2.18),$0.00
TIRXF,TIAN RUIXIANG HLDG  ORDFCLASS                  A,$0.00,0.00%,$0.00,$0.00,$0.00,($0.31),$0.00
TURB,TURBO ENERGY S A ADR,$0.00,0.00%,$0.00,$0.00,$0.00,($2.67),$0.00
TYGO,TIGO ENERGY INC,$0.00,0.00%,$0.00,$0.00,$0.00,($2.41),$0.00
UAVS,AGEAGLE AERIAL SYSTE,$0.00,0.00%,$0.00,$0.00,$0.00,$5.66,$0.00
UCAR,U PWR LTD A,$0.00,0.00%,$0.00,$0.00,$0.00,($0.01),$0.00
UGRO,URBAN-GRO INC,$0.00,0.00%,$0.00,$0.00,$0.00,($0.10),$0.00
USEG,U S ENERGY CORP DEL,$0.00,0.00%,$0.00,$0.00,$0.00,$0.87,$0.00
VELO,VELO3D INC,$0.00,0.00%,$0.00,$0.00,$0.00,($0.37),$0.00
VIVK,VIVAKOR INC,$0.00,0.00%,$0.00,$0.00,$0.00,($1.72),$0.00
VRAX,VIRAX BIOLABS GROUP,$0.00,0.00%,$0.00,$0.00,$0.00,($0.63),$0.00
VSA,VISIONSYS AI INC ADR,$0.00,0.00%,$0.00,$0.00,$0.00,($1.11),$0.00
WBUY,WEBUY GLOBAL LTD A,$0.00,0.00%,$0.00,$0.00,$0.00,($1.39),$0.00
WRAP,WRAP TECHNOLOGIES IN,$0.00,0.00%,$0.00,$0.00,$0.00,$0.11,$0.00
XAIR,BEYOND AIR INC,$0.00,0.00%,$0.00,$0.00,$0.00,$2.37,$0.00
XHLD,TEN HLDGS INC,$0.00,0.00%,$0.00,$0.00,$0.00,($7.42),$0.00
XTKG,,$0.00,0.00%,$0.00,$0.00,$0.00,$12.67,$0.00
YAAS,YOUXIN TECHNOLOGY LT,$0.00,0.00%,$0.00,$0.00,$0.00,($0.99),$0.00
YCBD,CBDMD INC,$0.00,0.00%,$0.00,$0.00,$0.00,($2.04),$0.00
YYGH,YY GROUP HLDG LTD A,$0.00,0.00%,$0.00,$0.00,$0.00,($4.17),$0.00
ZCMD,ZHONGCHAO INC. A,$0.00,0.00%,$0.00,$0.00,$0.00,($0.54),$0.00
,OVERALL TOTALS,$0.00,0.00%,$1.39,$0.00,$0.00,($159.58),$0.00

Account Summary
Net Liquidating Value,$26.73
Stock Buying Power,$26.73
Option Buying Power,$14.73
Equity Commissions & Fees YTD,$2.99
Futures Commissions & Fees YTD,$0.00
Crypto Trading Fees YTD,N/A
Total Commissions & Fees YTD,$2.99
